<record><leader>00000cas a22000007a 4500</leader><controlfield tag="001">14978591</controlfield><controlfield tag="008">861216d18711872iauwr ne      0    0eng d</controlfield><datafield ind1=" " ind2=" " tag="010"><subfield code="a">sn 86061219 </subfield></datafield><datafield ind1=" " ind2=" " tag="040"><subfield code="a">INP</subfield><subfield code="b">eng</subfield><subfield code="c">INP</subfield><subfield code="d">OCLCQ</subfield></datafield><datafield ind1=" " ind2=" " tag="042"><subfield code="a">msc</subfield></datafield><datafield ind1="0" ind2="4" tag="245"><subfield code="a">The Lansing patriot.</subfield></datafield><datafield ind1="1" ind2="3" tag="246"><subfield code="a">Lansing weekly patriot</subfield></datafield><datafield ind1=" " ind2=" " tag="260"><subfield code="a">Lansing, Allamakee County, Iowa :</subfield><subfield code="b">[Sherburne &amp; Son],</subfield><subfield code="c">1871-1872.</subfield></datafield><datafield ind1=" " ind2=" " tag="300"><subfield code="a">1 v.</subfield></datafield><datafield ind1=" " ind2=" " tag="310"><subfield code="a">Weekly</subfield></datafield><datafield ind1="0" ind2=" " tag="362"><subfield code="a">Vol. 5, no. 1 (Nov. 14, 1871)-v. 5, no. 17 (Mar. 12, 1872) = Whole no. 261-whole no. 277.</subfield></datafield><datafield ind1=" " ind2=" " tag="752"><subfield code="a">United States</subfield><subfield code="b">Iowa</subfield><subfield code="c">Allamakee</subfield><subfield code="d">Lansing.</subfield></datafield><datafield ind1="0" ind2="0" tag="780"><subfield code="t">Allamakee Democrat</subfield><subfield code="w">(DLC)sn 86061212</subfield></datafield><datafield ind1="0" ind2="7" tag="785"><subfield code="t">Iowa north-east</subfield><subfield code="w">(DLC)sn 87057377</subfield></datafield><datafield ind1="0" ind2="7" tag="785"><subfield code="t">North Iowa journal (Lansing, Iowa : 1872)</subfield><subfield code="w">(DLC)sn 84027187</subfield></datafield></record>